<?xml version="1.0" encoding="UTF-8"?><collection xmlns="http://www.loc.gov/MARC21/slim"><record><leader>00495nam--2200181-i-4500</leader><controlfield tag="001">000005734</controlfield><controlfield tag="002">20161230</controlfield><controlfield tag="005">20161230201026</controlfield><controlfield tag="008">060222s1000------------r-----000-0-eng-d</controlfield><datafield ind1=" " ind2=" " tag="040"><subfield code="a">IFIN-HH</subfield></datafield><datafield ind1=" " ind2=" " tag="041"><subfield code="a">eng</subfield></datafield><datafield ind1=" " ind2=" " tag="080"><subfield code="a">533.9(043)</subfield></datafield><datafield ind1="1" ind2=" " tag="100"><subfield code="a">Massmann, Peter</subfield></datafield><datafield ind1="1" ind2="0" tag="245"><subfield code="a">Microinstabilities in an Inhomogeneous Ion-Beam Plasma System</subfield><subfield code="c">Peter Massmann</subfield></datafield><datafield ind1=" " ind2=" " tag="260"><subfield code="a">Amsterdam</subfield><subfield code="b">Universiteit van Amsterdam</subfield><subfield code="c">1976</subfield></datafield><datafield ind1=" " ind2=" " tag="300"><subfield code="a">116 p</subfield></datafield><datafield ind1=" " ind2=" " tag="852"><subfield code="a">44789</subfield><subfield code="c">533.9</subfield></datafield><datafield ind1=" " ind2=" " tag="CAT"><subfield code="a">Sys</subfield><subfield code="c">20100928</subfield><subfield code="h">102155</subfield></datafield></record></collection>